@techreport{Jaramillo2015,
author = {Jaramillo, V\'{\i}ctor H.},
institution = {Escuela de Ingenier\'{\i}a de Antioquia},
mendeley-groups = {Robotica/Laboratorios},
pages = {2},
title = {{Pr\'{a}ctica 4 - Rob\'{o}tica Industrial}},
year = {2015}
}

@book{craig2005introduction,
  title={Introduction to robotics: mechanics and control},
  author={Craig, John J},
  volume={3},
  year={2005},
  publisher={Pearson Prentice Hall Upper Saddle River}
}